@MISC{ACPCE,
    author = {Jawahar Education Society's},
    title = {{A. C. Patil College of Engineering, Kharghar}},
    month = mar,
    year = {2020},
    howpublished={\url{https://acpce.org/}}
}

@MISC{EDaura,
author = {EDaura Pvt. Ltd.},
title = {{EDaura}},
month = mar,
year = {2020},
howpublished={\url{https://www.edaura.com/home/}}
}

@MISC{EduWave,
title = {{EduWave EMIS}},
author = {Integrated Technology Group (ITG) Pvt. Ltd.},
month = mar,
year = {2020},
howpublished={\url{https://www.itgsolutions.com/solutions/education/}}
}

@MISC{FACTS,
author = {Nelnet Company},
title = {FACTS},
month = mar,
year = {2020},
howpublished={\url{https://factsmgt.com/}}
}